@online{week4_tree_based,
  author = {Dean, Nema and Chanialidis, Charis},
  title = {Week 4: Tree-Based Methods (Excluding Solution)},
  year = {2025},
  url = {https://moodle.gla.ac.uk/pluginfile.php/8303767/mod_resource/content/10/Week4-Tree-based%20methods%20%28excl.%20solution%29.pdf},
  urldate = {2025-03-30},
  publisher = {School of Mathematics \& Statistics, University of Glasgow},
  note = {Online course material}
}

@online{week8_Neural_network,
  author = {Dean, Nema and Chanialidis, Charis},
  title = {Week 8: Neural Networks (Excluding Solution)},
  year = {2025},
  url = {https://moodle.gla.ac.uk/pluginfile.php/8303806/mod_resource/content/18/Week8-Neural%20networks%20I%20%28excl.%20solution%29.pdf},
  urldate = {2025-03-30},
  publisher = {School of Mathematics \& Statistics, University of Glasgow},
  note = {Online course material}
}

@online{week3_k-nearest_neighbours_and_linear_discriminant_analysis,
  author = {Dean, Nema and Chanialidis, Charis},
  title = {Week 3: K-Nearest Neighbours and Linear Discriminant Analysis (Excluding Solution)},
  year = {2025},
  url = {https://moodle.gla.ac.uk/pluginfile.php/8303749/mod_resource/content/11/Week3-kNN%20and%20LDA%20%28excl.%20solution%29.pdf},
  urldate = {2025-03-30},
  publisher = {School of Mathematics \& Statistics, University of Glasgow},
  note = {Online course material}
}

@online{week5_Support_vector_machines,
  author = {Dean, Nema and Chanialidis, Charis},
  title = {Week 5: Support Vector Machines (Excluding Solution)},
  year = {2025},
  url = {https://moodle.gla.ac.uk/pluginfile.php/9677135/mod_resource/content/10/Week5-Support%20vector%20machines%20%28excl.%20solution%29.pdf},
  urldate = {2025-03-30},
  publisher = {School of Mathematics \& Statistics, University of Glasgow},
  note = {Online course material}
}